%% This BibTeX bibliography file was created using BibDesk.
%% https://bibdesk.sourceforge.io/

%% Created for Robert Singer at 2019-08-22 12:06:22 +0200 


%% Saved with string encoding Unicode (UTF-8) 



@book{Keenan:1976aa,
	Author = {Keenan, E. L. },
	Date-Added = {2019-08-22 12:02:39 +0200},
	Date-Modified = {2019-08-22 12:05:58 +0200},
	Year = {1976}}



@Article{Paulo2005,
	author 	=	{Paulo Leitão and FranciscoRestivo},
	title		=	{ADACOR: A holonic architecture for agile and adaptive manufacturing control},
	journal 	=	{Computers in Industry},
	numpages	=	{9},
	volume 	=	{57},
	number 	= 	{2},
	month 	=	{February},
	year 		=	{2006},
	url 		=	{https://www.sciencedirect.com/science/article/pii/S0166361505001077},
}

@Article{Pavel2011,
	author 	=	"Pavel Vrba and Pavel Tichy and Vladimir Marik and Kenwood Hall and Raymond Staron and Francisco Maturana and Petr Kadera",
	title		=	"Rockwell Automation’s Holonic and Multiagent
	Control Systems Compendium",
	journal 	=	"IEEE TRANSACTIONS ON SYSTEMS, MAN, AND CYBERNETICS—PART C: APPLICATIONS AND REVIEWS",
	articleno	=	"",
	numpages	=	"",
	volume 	=	"41",
	number 	= 	"1",
	month 	=	"January",
	year 		=	"2011",
	doi 		=	"",
	url 		=	"",
	acmid		=	"",
	note 		= 	"",
}

@Article{Silva2012,
	author 	=	"R.M. Silva and J. Arakaki and F. Junqueira and D.J. Santos Filho and P.E. Miyagi",
	title		=	"Modeling of active holonic control systems for intelligent buildings",
	journal 	=	"Automation in Construction",
	articleno	=	"",
	numpages	=	"",
	volume 	=	"",
	number 	= 	"25",
	month 	=	"August",
	year 		=	"2012",
	doi 		=	"",
	url 		=	"",
	acmid		=	"",
	note 		= 	"",
}

@Article{Farahbod2011,
	author 	=	"Roozbah Farahbod and Uwe Gläser",
	title		=	"The CoreASM modeling framework",
	journal 	=	"Software: Practice and Experience",
	articleno	=	"",
	numpages	=	"",
	volume 	=	"41",
	number 	= 	"2",
	month 	=	"February",
	year 		=	"2011",
	doi 		=	"",
	url 		=	"",
	acmid		=	"",
	note 		= 	"",
}

@Book{Koestler78,
	author =       "Arthur Koestler",
	title =        "Janus, A Summing Up",
	publisher =    "Random House",
	year =         "1978",
	address =      "London",
	edition =      "",
	editor = 	 " ",
	volume = 	 " ",
	number = 	 " ",
	series = 	 " ",
	month = 	 " ",
	note = 	 " ",
}

@Book{Flei12,
	author =       {Fleischmann, Albert and Schmidt, Werner and Stary, Christian and Obermeier, Stefan and Boerger, Egon},
	title =        {Subject-Oriented Business Process Management},
	publisher =    {Springer Verlag},
	year =         {2012},
	address =      {Berlin},
}


@Book{Flei94,
	author =       "Albert Fleischmann",
	title =        "Distributed Systems - Software Design and Implementation",
	publisher =    "Springer Verlag",
	year =         "1994",
	address =      "Berlin",
	edition =      "",
	editor = 	 "",
	volume = 	 "",
	number = 	 "",
	series = 	 "",
	month = 	 "",
	note = 	 "",
}

@Book{gomaa16,
	author =       "Hassan Gomaa",
	title =        "Real-Time Software Design for Embedded Systems",
	publisher =    "Cambridge University Press",
	year =         "2016",
	address =      "New York, NY",
	edition =      "",
	editor = 	 "",
	volume = 	 "",
	number = 	 "",
	series = 	 "",
	month = 	 "",
	note = 	 "",
}

@Book{cockburn01,
	author =       "Alistar Cockburn",
	title =        "Writing Effective Use Cases",
	publisher =    "Addisson Wesely",
	year =         "2001",
	address =      "Indianapolis",
	edition =      "",
	editor = 	 "",
	volume = 	 "",
	number = 	 "",
	series = 	 "",
	month = 	 "",
	note = 	 "",
}


@Inbook{shin94,
	author = 	 	"Shin, K.G.; Ramanathan, P.",
	editor =       "",
	title =        "Real-time computing: a new discipline of computer science and engineering",
	subtitle =     "",
	series =       "Proceedings of the IEEE",
	year =         "1994",
	volume = 	 	"",
	address =      "",
	edition =      "",
	publisher =    "IEEE",
	doi = 	 "",
	url = 	 "",
	chapter = 	 "",
	pages = 	 "",
	number = 	 "",
	type = 	 "",
	month = 	 "",
	note = 	 "",
}

%
@InBook{real-time,
	author = 	 "Wikipedia",
	editor =       "",
	title =        "Real-time computing",
	subtitle =     "Design Methods",
	series =       "Wikipedia",
	year =         "last access Nov. 2017",
	address =      "",
	edition =      "",
	publisher =    "",
	doi = 	 "",
	url = 	 "https://en.wikipedia.org/wiki/Real-time_computing#Design_methods",
	volume = 	 "",
	chapter = 	 "",
	pages = 	 "",
	number = 	 "",
	type = 	 "",
	month = 	 "",
	note = 	 "",
}


@article{buss2001,
	author = {Bussmann, Stefan and Sieverding, Jörg},
	title = {Holonic Control of an Engine Assembly Plant an Industrial Evaluation},
	journaltitle = {Proceedings of the 2001 IEEE Systems, Man, and Cybernetics Conference},
	date = {2001},
}

@Book{book:flei2011,
	author = {Albert Fleischmann et.al.},
	title = {Subjektorientiertes Prozessmanagement},
	publisher = {Hanser Verlag},
	year = {2011},
}

@Article{art:Stakeholder,
	author = {A. Fleischmann and C. Stary},
	title = {Whom to talk to? A Stakeholder Perspective on Business Process Management},
	journal = {Universal Access in the Information Society},
	year = {2011},
}

@Book{book:ARIS,
	author = {A. W. Scheer},
	title = {ARIS-Vom Geschäftsprozess zum Anwendungssystem},
	publisher = {Springer Verlag},
	year = {2001},
	edition = {4.Edition},
}

@Book{book:SAPRoadmap,
	author = {J. Snabe et. al.},
	title = {Business Process Management, The SAP Roadmap},
	publisher = {Springer Verlag},
	year = {2001},
	edition = {4.Edition},
}

@book{Standard:Flowchart,
	author = {ISO:International Organization for Standardization },
	title = {ISO 5807; Information processing -- Documentation symbols and conventions for data, program and system flowcharts, program network charts and system resources charts},
	publisher = {https://www.iso.org/standard/11955.html},
	year={1985},
	year = {Retrieved 23 July 2017},
}

@book{Standard:BPMN,
	author = {OMG},
	title = {Business Process Model and Notation (BPMN)},
	publisher = {http://www.omg.org/spec/BPMN2.0},
	year = {last access June 2018},
}

@Book{book:BPMNMethod,
	author = {Bruce Silver},
	title = {BPMN Method and Style},
	publisher = {Cody-Cassidy Press},
	year = {2009},
}

@Book{book:Worklow-Mod,
	author = {A- Sharp and P. McDermott},
	title = {Workflow Modeling},
	publisher = {Artech House},
	year = {2009},
}

@Book{book:BPM-Handbook1,
	editor = {J. vom Brocke and M.Rosemann},
	title = {Handbook on Business Process Management},
	publisher = {Springer Verlag},
	year = {2010},
	volume = {1},
}

@Book{book:BPM-Handbook2,
	editor = {J. vom Brocke and M.Rosemann},
	title = {Handbook on Business Process Management},
	publisher = {Springer Verlag},
	year = {2010},
	volume = {2},
}

@Book{book:EnterpriseBPM,
	author = {D. Slama and R. Nelius},
	title = {Enterprise BPM},
	publisher = {dpunktVerlag},
	year = {2011},
}

@Book{book:Prozessmgmt-umsetzen,
	editor = {Horvath and Partner},
	title = {Prozessmanagement umsetzen},
	publisher = {Schäfer, Pöschel},
	year = {2005},
}

@Book{book:Faster,
	author = {M. Hammer and L. Hershman},
	title = {Faster, Cheaper, Better},
	publisher = {Crown Publishing},
	year = {2010},
	OPTkey = {•},
}

@InProceedings{article:HCII2011,
	author = {A. Fleischmann and C. Stary},
	title = {Key Features of Subject-Oriented Modeling and Organizational Deployment Tools},
	booktitle = {Universal Access in Human-Computer Interaction. Applications and Services, Lecture Notes in Computer Science},
	pages = {205-214},
	year = {2011},
	publisher = {Springer Verlag},
}


@incollection{book:UntPerform,
	author = {Hess, H},
	editor = {Scheer A.-W.and Jost, W.and Hess H.and  Kronz, A.},
	title = {Von der Unternehmensstrategie zur Prozess-Performance  Was kommt nach Business Intelligence?},
	booktitle = {Corporate Performance Management},
	year = {2005},
	publisher = {Springer Verlag},
}



@incollection{article:jCPEX,
	author = {Meyer, Nils and Feiner, Thomas and Radmayr, Markus and Blei, Dominik and Fleischnann, Albert},
	title = {Dynamic Creation and Execu-tion of Cross Organisational  BUSINESS processes \- The jCPEX! Approach},
	booktitle = {S-BPM ONE: Setting the Stage for Subject-Oriented Business Process Management: First International Workshop},
	year = {2010},
	editor = {A. Fleischmann and W. Schmidt and R. Singer and D. Seese},
	series = {Communications in Computer and Information Sience},
	number = {138},
	publisher = {Springer Verlag},
}


@InProceedings{article:WhatisS-BPM,
	author = {A. Fleischmann},
	title = {What is S-BPM},
	booktitle = {S-BPM ONE: Setting the Stage for Subject-Oriented Business Process Management: First International Workshop},
	year = {2010},
	editor = {H. Buchwald, A. Fleischmann, D. Seese, C. Stary},
	series = {Communications in Computer and Information Sience},
	number = {85},
	publisher = {Springer Verlag},
}

@Article{article:SubProzessmgmt-HMD,
	author = {W. Schmidt, A. Fleischmann, O. Gilbert},
	title = {Subjektorientiertes Geschäftsprozessmanagement},
	journal = {HMD Praxis der Wirtschaftsinformatik; },
	year = {2009},
	month = {03},
}

@Book{book:BPM-Weske,
	author = {M. Weske},
	title = {Business Process Management},
	publisher = {Springer Verlag},
	year = {2007},
}


@Book{book:Prozesse-realisieren,
	author = {H. Fischer, A. Fleischmann, S. Obermeier},
	title = {Geschaeftsprozesse realisieren},
	publisher = {Vieweg Verlag},
	year = {2006},
}





@Article{article:SUbjetorientiertBPM,
	author = {Schmidt, W and Fleischmann A. and Gilbert O.},
	title = {Subjektorientiertes Geschaeftsprozessmanagement},
	journal= {HMD  Praxis der Wirtschaftsinformatik}
	volume = {Heft 266},
	year = {2009},
}



@incollection{book:processmonitoring,
	author = {Schmidt, W},
	editor = {Rausch, P. and Sheeta, A. and Ayesh, A.},
	title = {Business Activity Monitoring},
	booktitle = {Business Intelligence and Performance Management  Theory, Systems and Industrial Applications},
	publisher = {Springer UK},
	year = {2013},
}


@book{book:test,
	author = {test},
	title = {test},
	date = {11.11.11},
	year = {2006},
}
